@misc{cloudflare,
    key = {Cloudflare},
    editor = {{Cloudflare}},
    author = {Cloudflare},
    url = {https://www.cloudflare.com/learning/performance/static-site-generator/},
    title = {What is a static site generator?},
    note = "[Online; accessed 13-April-2023]",
}

@misc{khalid,
    key = {khalid},
    editor = "{Gitlab}",
    organization = "{Gitlab}",
    author = "{Khalid, FS}",
    url = {https://about.gitlab.com/blog/2022/04/18/comparing-static-site-generators/},
    title = {How to choose the right static site generator.},
    note = "[Online; accessed 13-April-2023]",
    year = {18-04-2022},
}

@misc{wikihugo,
    author = "{Wikipedia contributors}",
    title = "Hugo (software) --- {Wikipedia}{,} The Free Encyclopedia",
    year = "2023",
    url = {https://en.wikipedia.org/w/index.php?title=Hugo_(software)&oldid=1173644784},
    note = "[Online; accessed 13-April-2023]"
}
@misc{ wikissg,
    author = "{Wikipedia contributors}",
    title = "Static site generator --- {Wikipedia}{,} The Free Encyclopedia",
    year = "2023",
    url = {https://en.wikipedia.org/w/index.php?title=Static_site_generator&oldid=1169919452},
    note = "[Online; accessed 13-September-2023]"
}

@misc{hugo,
    author = "{Go Hugo}",
    title = {What is Hugo},
    year = {2023},
    url = {https://gohugo.io/about/what-is-hugo/},
    note = "[Online; accessed 22-April-2023]",
}

@misc{vuepress,
    author = "{VuePress}",
    title = {VuePress Guide. Introduction.},
    year = {2023},
    url = {https://v2.vuepress.vuejs.org/guide/},
    note = "[Online; accessed 22-April-2023]",
}

@misc{accwai,
    author = "{Web Accessibility Initiative (WAI)}",
    title = {Accessibility principles.},
    url = {https://www.w3.org/WAI/fundamentals/accessibility-principles/},
    note = "[Online; accessed 22-April-2023]",
}

@misc{accmoz,
    author = "{Learn web development | MDN.}",
    title = {What is accessibility?},
    url = {https://developer.mozilla.org/en-US/docs/Learn/Accessibility/What_is_accessibility},
    note = "[Online; accessed 22-April-2023]",
}

@misc{basismoz,
    author = "{Learn web development | MDN.}",
    title = {HTML: A good basis for accessibility.},
    url = {https://developer.mozilla.org/en-US/docs/Learn/Accessibility/HTML},
    note = "[Online; accessed 22-April-2023]",
}

@misc{sunssr,
    author = "{Sun, Y.}",
    title = {Server-Side Rendering. In: Practical Application Development with AppRun},
    year = {2019},
    url = {https://doi.org/10.1007/978-1-4842-4069-4_9},
    note = "[Online; accessed 24-April-2023]",
}

@misc{taufan,
    author = "{Taufan Fadhilah Iskandar et al}",
    title = {Comparison between client-side and server-side rendering in the web
development},
    year = {2020},
    url = {https://iopscience.iop.org/article/10.1088/1757-899X/801/1/012136/pdf},
    note = "[Online; accessed 26-April-2023]",
}

@misc{srs,
    author="{The Institute of Electrical and Electronics Engineers, Inc.}",
    journal={IEEE Std 830-1998},
    title={IEEE Recommended Practice for Software Requirements Specifications},
    year={1998},
    volume={},
    number={},
    pages={1-40},
}

@misc{ wikicli,
       author = "{Wikipedia contributors}",
       title = "Command-line interface --- {Wikipedia}{,} The Free Encyclopedia",
       year = "2023",
       url = {https://en.wikipedia.org/w/index.php?title=Command-line_interface&oldid=1174988635},
       note = "[Online; accessed 14-May-2023]"
}

@misc{htmlmoz,
    author = "{Learn web development | MDN.}",
    title = {HTML: HyperText Markup Language},
    url = {https://developer.mozilla.org/en-US/docs/Web/HTML},
    note = "[Online; accessed 22-April-2023]",
}

@misc{cssmoz,
    author = "{Learn web development | MDN.}",
    title = {CSS: Cascading Style Sheets},
    url = {https://developer.mozilla.org/en-US/docs/Web/CSS},
    note = "[Online; accessed 22-April-2023]",
}

@misc{jsmoz,
    author = "{Learn web development | MDN.}",
    title = {JavaScript},
    url = {https://developer.mozilla.org/en-US/docs/Web/JavaScript},
    note = "[Online; accessed 22-April-2023]",
}

@misc{ wikimd,
    author = "{Wikipedia contributors}",
    title = "Markdown --- {Wikipedia}{,} The Free Encyclopedia",
    year = "2023",
    url = {https://en.wikipedia.org/w/index.php?title=Markdown&oldid=1174192761},
    note = "[Online; accessed 14-May-2023]"
}

@misc{ wikiiso,
    author = "{Wikipedia contributors}",
    title = "ISO 8601 --- {Wikipedia}{,} The Free Encyclopedia",
    year = "2023",
    url = "https://en.wikipedia.org/w/index.php?title=ISO_8601&oldid=1174415179",
    note = "[Online; accessed 14-May-2023]"
}

@book{ schutze2008introduction,
    title = {Introduction to information retrieval - Chapter 2: The term vocabulary and postings lists},
    author={Sch{\"u}tze, Hinrich and Manning, Christopher D and Raghavan, Prabhakar},
    volume={39},
    year={2008},
    publisher={Cambridge University Press Cambridge},
    note = "[Accessed 14-May-2023]"
}

@misc{ wikilexical,
    author = "{Wikipedia contributors}",
    title = "Lexical analysis --- {Wikipedia}{,} The Free Encyclopedia",
    year = "2023",
    url = "https://en.wikipedia.org/w/index.php?title=Lexical_analysis&oldid=1172141242",
    note = "[Online; accessed 14-May-2023]"
}

@book{gourley2002http,
    title={HTTP: the definitive guide},
    author={Gourley, David and Totty, Brian},
    year={2002},
    publisher={" O'Reilly Media, Inc."}
}

@misc{ wikiyaml,
    author = "{Wikipedia contributors}",
    title = "YAML --- {Wikipedia}{,} The Free Encyclopedia",
    year = "2023",
    url = "https://en.wikipedia.org/w/index.php?title=YAML&oldid=1168074204",
    note = "[Online; accessed 14-April-2023]"
}

@misc{ wikijson,
    author = "{Wikipedia contributors}",
    title = "JSON --- {Wikipedia}{,} The Free Encyclopedia",
    year = "2023",
    url = "https://en.wikipedia.org/w/index.php?title=JSON&oldid=1174066621",
    note = "[Online; accessed 12-April-2023]"
}

@book{donovan2015go,
     title={The Go programming language},
     author={Donovan, Alan AA and Kernighan, Brian W},
     year={2015},
     publisher={Addison-Wesley Professional}
}

